<?xml version="1.0" encoding="UTF-8"?><collection xmlns="http://www.loc.gov/MARC21/slim"><record><leader>00407nam--2200133-i-4500</leader><controlfield tag="001">000010031</controlfield><controlfield tag="002">20161230</controlfield><controlfield tag="005">20161230201028</controlfield><controlfield tag="008">060222s1000------------r-----000-0-eng-d</controlfield><datafield ind1=" " ind2=" " tag="080"><subfield code="a">001.89:608</subfield></datafield><datafield ind1=" " ind2=" " tag="245"><subfield code="a">Les aspects internationaux de l inovation technologique. actes di symposium de politique scientifique. paris, france, 7-9 sept. 1970</subfield></datafield><datafield ind1=" " ind2=" " tag="260"><subfield code="a">Paris, Unesco, 1972 93 P</subfield></datafield><datafield ind1=" " ind2=" " tag="490"><subfield code="a">26</subfield></datafield><datafield ind1=" " ind2=" " tag="852"><subfield code="a">21290</subfield></datafield></record></collection>